<?xml version="1.0" encoding="UTF-8"?>
<!DOCTYPE html PUBLIC "-//W3C//DTD XHTML 1.0 Transitional//EN"
    "http://www.w3.org/TR/xhtml1/DTD/xhtml1-transitional.dtd">
<html xmlns="http://www.w3.org/1999/xhtml" xml:lang="en" lang="en">
 <head>
  <title>
</title>
<meta http-equiv="Content-Type" content="text/html;charset=utf-8" />
  <meta name='ocr-system' content='tesseract 3.04.00' />
  <meta name='ocr-capabilities' content='ocr_page ocr_carea ocr_par ocr_line ocrx_word'/>
</head>
<body>
  <div class='ocr_page' id='page_1' title='image "./scholiainsophocl00elmsuoft_0011.png"; bbox 0 0 2242 3996; ppageno 0'>
   <div class='ocr_carea' id='block_1_1' title="bbox 599 407 1780 660">
    <p class='ocr_par' dir='ltr' id='par_1_1' title="bbox 599 407 1780 660">
     <span class='ocr_line' id='line_1_1' title="bbox 851 407 1780 517; baseline 0.004 -32"><span class='ocrx_word' id='word_1_1' title='bbox 851 407 1398 487; x_wconf 82' lang='lat' dir='ltr'>LECTORI</span> <span class='ocrx_word' id='word_1_2' title='bbox 1778 515 1780 517; x_wconf 61' lang='lat'><em>,</em></span> 
     </span>
     <span class='ocr_line' id='line_1_2' title="bbox 599 558 1748 660; baseline 0.005 -6"><span class='ocrx_word' id='word_1_3' title='bbox 599 590 1004 655; x_wconf 85' lang='lat' dir='ltr'>THoMAs</span> <span class='ocrx_word' id='word_1_4' title='bbox 1053 591 1540 658; x_wconf 79' lang='lat' dir='ltr'>GAlsFoRD</span> <span class='ocrx_word' id='word_1_5' title='bbox 1590 595 1650 660; x_wconf 88' lang='lat' dir='ltr'>s.</span> <span class='ocrx_word' id='word_1_6' title='bbox 1746 558 1748 563; x_wconf 67' lang='grc'><em>’</em></span> 
     </span>
    </p>
   </div>
   <div class='ocr_carea' id='block_1_2' title="bbox 103 781 2114 3289">
    <p class='ocr_par' dir='ltr' id='par_1_2' title="bbox 103 781 2114 3289">
     <span class='ocr_line' id='line_1_3' title="bbox 103 781 2094 898; baseline 0.006 -22"><span class='ocrx_word' id='word_1_7' title='bbox 103 832 108 836; x_wconf 81' lang='grc'><strong><em>·</em></strong></span> <span class='ocrx_word' id='word_1_8' title='bbox 173 781 752 877; x_wconf 87' lang='lat' dir='ltr'>PAUCISSIMIS</span> <span class='ocrx_word' id='word_1_9' title='bbox 780 820 973 878; x_wconf 88' lang='lat' dir='ltr'>verbis</span> <span class='ocrx_word' id='word_1_10' title='bbox 1001 823 1376 896; x_wconf 89' lang='lat' dir='ltr'>complectar,</span> <span class='ocrx_word' id='word_1_11' title='bbox 1406 842 1557 898; x_wconf 91' lang='lat' dir='ltr'>quae</span> <span class='ocrx_word' id='word_1_12' title='bbox 1585 823 1648 880; x_wconf 93' lang='lat' dir='ltr'>in</span> <span class='ocrx_word' id='word_1_13' title='bbox 1678 825 1881 884; x_wconf 88' lang='lat' dir='ltr'>limine</span> <span class='ocrx_word' id='word_1_14' title='bbox 1912 828 2094 888; x_wconf 89' lang='lat' dir='ltr'>Scho-</span> 
     </span>
     <span class='ocr_line' id='line_1_4' title="bbox 167 927 2094 1010; baseline 0.004 -24"><span class='ocrx_word' id='word_1_15' title='bbox 167 928 382 986; x_wconf 89' lang='lat' dir='ltr'>liorum</span> <span class='ocrx_word' id='word_1_16' title='bbox 422 927 881 1003; x_wconf 90' lang='lat' dir='ltr'>Sophocleorum</span> <span class='ocrx_word' id='word_1_17' title='bbox 917 927 1225 1003; x_wconf 78' lang='lat' dir='ltr'>praefanda</span> <span class='ocrx_word' id='word_1_18' title='bbox 1268 930 1473 987; x_wconf 91' lang='lat' dir='ltr'>habeo.</span> <span class='ocrx_word' id='word_1_19' title='bbox 1560 930 1653 988; x_wconf 95' lang='lat' dir='ltr'>De</span> <span class='ocrx_word' id='word_1_20' title='bbox 1693 951 1896 990; x_wconf 91' lang='lat' dir='ltr'>eorum</span> <span class='ocrx_word' id='word_1_21' title='bbox 1925 953 2094 1010; x_wconf 89' lang='lat' dir='ltr'>prae-</span> 
     </span>
     <span class='ocr_line' id='line_1_5' title="bbox 168 1036 2092 1113; baseline 0.004 -20"><span class='ocrx_word' id='word_1_22' title='bbox 168 1036 388 1094; x_wconf 84' lang='lat' dir='ltr'><strong>stantia</strong></span> <span class='ocrx_word' id='word_1_23' title='bbox 417 1044 596 1113; x_wconf 89' lang='lat' dir='ltr'>atque</span> <span class='ocrx_word' id='word_1_24' title='bbox 625 1037 980 1095; x_wconf 87' lang='lat' dir='ltr'>auctoritate</span> <span class='ocrx_word' id='word_1_25' title='bbox 1014 1037 1165 1094; x_wconf 89' lang='lat' dir='ltr'>nihil</span> <span class='ocrx_word' id='word_1_26' title='bbox 1200 1038 1375 1095; x_wconf 90' lang='lat' dir='ltr'>hodie</span> <span class='ocrx_word' id='word_1_27' title='bbox 1414 1039 1767 1106; x_wconf 83' lang='lat' dir='ltr'>edisseram;</span> <span class='ocrx_word' id='word_1_28' title='bbox 1802 1061 1872 1098; x_wconf 90' lang='lat' dir='ltr'>ea</span> <span class='ocrx_word' id='word_1_29' title='bbox 1902 1045 2092 1101; x_wconf 90' lang='lat' dir='ltr'>solum</span> 
     </span>
     <span class='ocr_line' id='line_1_6' title="bbox 169 1145 1882 1221; baseline 0.002 -19"><span class='ocrx_word' id='word_1_30' title='bbox 169 1146 657 1212; x_wconf 85' lang='lat' dir='ltr'>commemorabO,</span> <span class='ocrx_word' id='word_1_31' title='bbox 688 1164 840 1221; x_wconf 88' lang='lat' dir='ltr'>quae</span> <span class='ocrx_word' id='word_1_32' title='bbox 870 1145 1008 1202; x_wconf 93' lang='lat' dir='ltr'>huic</span> <span class='ocrx_word' id='word_1_33' title='bbox 1036 1146 1285 1204; x_wconf 93' lang='lat' dir='ltr'>editioni</span> <span class='ocrx_word' id='word_1_34' title='bbox 1313 1166 1465 1204; x_wconf 90' lang='lat' dir='ltr'>nova</span> <span class='ocrx_word' id='word_1_35' title='bbox 1495 1155 1882 1205; x_wconf 88' lang='lat' dir='ltr'>accesserunt.</span> 
     </span>
     <span class='ocr_line' id='line_1_7' title="bbox 255 1254 2093 1332; baseline 0.002 -19"><span class='ocrx_word' id='word_1_36' title='bbox 255 1256 470 1313; x_wconf 88' lang='lat' dir='ltr'>Petrus</span> <span class='ocrx_word' id='word_1_37' title='bbox 526 1254 712 1332; x_wconf 89' lang='lat' dir='ltr'>igitur</span> <span class='ocrx_word' id='word_1_38' title='bbox 768 1254 1107 1321; x_wconf 86' lang='lat' dir='ltr'>ElmsleiuS,</span> <span class='ocrx_word' id='word_1_39' title='bbox 1166 1256 1334 1332; x_wconf 91' lang='lat' dir='ltr'>cujus</span> <span class='ocrx_word' id='word_1_40' title='bbox 1391 1255 1774 1313; x_wconf 88' lang='lat' dir='ltr'>immaturam</span> <span class='ocrx_word' id='word_1_41' title='bbox 1841 1266 2093 1317; x_wconf 89' lang='lat' dir='ltr'>mortem</span> 
     </span>
     <span class='ocr_line' id='line_1_8' title="bbox 172 1362 2096 1440; baseline 0 -18"><span class='ocrx_word' id='word_1_42' title='bbox 172 1365 438 1423; x_wconf 91' lang='lat' dir='ltr'>nondum</span> <span class='ocrx_word' id='word_1_43' title='bbox 483 1363 798 1430; x_wconf 91' lang='lat' dir='ltr'>eluximus,</span> <span class='ocrx_word' id='word_1_44' title='bbox 843 1362 1182 1420; x_wconf 82' lang='lat' dir='ltr'>Florentiae</span> <span class='ocrx_word' id='word_1_45' title='bbox 1230 1383 1411 1440; x_wconf 88' lang='lat' dir='ltr'>agens</span> <span class='ocrx_word' id='word_1_46' title='bbox 1462 1364 1618 1422; x_wconf 90' lang='lat' dir='ltr'>circa</span> <span class='ocrx_word' id='word_1_47' title='bbox 1661 1363 1902 1421; x_wconf 90' lang='lat' dir='ltr'>initium</span> <span class='ocrx_word' id='word_1_48' title='bbox 1953 1365 2096 1422; x_wconf 88' lang='lat' dir='ltr'>anni</span> 
     </span>
     <span class='ocr_line' id='line_1_9' title="bbox 175 1470 2096 1549; baseline -0.001 -17"><span class='ocrx_word' id='word_1_49' title='bbox 175 1479 357 1541; x_wconf 75' lang='lat'>1820,</span> <span class='ocrx_word' id='word_1_50' title='bbox 387 1473 650 1531; x_wconf 88' lang='lat' dir='ltr'>codicem</span> <span class='ocrx_word' id='word_1_51' title='bbox 690 1472 1163 1529; x_wconf 87' lang='lat' dir='ltr'>Laurentianum</span> <span class='ocrx_word' id='word_1_52' title='bbox 1195 1470 1473 1528; x_wconf 93' lang='lat' dir='ltr'><strong>XXXII.</strong></span> <span class='ocrx_word' id='word_1_53' title='bbox 1507 1478 1564 1536; x_wconf 90' lang='lat'>9.</span> <span class='ocrx_word' id='word_1_54' title='bbox 1606 1472 1924 1549; x_wconf 86' lang='lat' dir='ltr'>diligenter</span> <span class='ocrx_word' id='word_1_55' title='bbox 1964 1491 2096 1547; x_wconf 88' lang='lat' dir='ltr'>per-</span> 
     </span>
     <span class='ocr_line' id='line_1_10' title="bbox 177 1580 2098 1658; baseline 0.001 -20"><span class='ocrx_word' id='word_1_56' title='bbox 177 1582 381 1648; x_wconf 89' lang='lat' dir='ltr'>volvit,</span> <span class='ocrx_word' id='word_1_57' title='bbox 411 1581 746 1656; x_wconf 88' lang='lat' dir='ltr'>scholiaque</span> <span class='ocrx_word' id='word_1_58' title='bbox 781 1580 1131 1658; x_wconf 84' lang='lat' dir='ltr'>marginalia</span> <span class='ocrx_word' id='word_1_59' title='bbox 1161 1600 1393 1637; x_wconf 90' lang='lat' dir='ltr'>summa</span> <span class='ocrx_word' id='word_1_60' title='bbox 1422 1601 1557 1638; x_wconf 92' lang='lat' dir='ltr'>cum</span> <span class='ocrx_word' id='word_1_61' title='bbox 1594 1581 1709 1638; x_wconf 90' lang='lat' dir='ltr'>fide</span> <span class='ocrx_word' id='word_1_62' title='bbox 1749 1581 1966 1638; x_wconf 85' lang='lat' dir='ltr'>exinde</span> <span class='ocrx_word' id='word_1_63' title='bbox 1996 1581 2098 1639; x_wconf 90' lang='lat' dir='ltr'>de-</span> 
     </span>
     <span class='ocr_line' id='line_1_11' title="bbox 176 1690 2099 1768; baseline 0 -19"><span class='ocrx_word' id='word_1_64' title='bbox 176 1691 427 1767; x_wconf 86' lang='lat' dir='ltr'>scripsit.</span> <span class='ocrx_word' id='word_1_65' title='bbox 512 1691 713 1749; x_wconf 89' lang='lat' dir='ltr'>Verba</span> <span class='ocrx_word' id='word_1_66' title='bbox 762 1693 888 1768; x_wconf 89' lang='lat' dir='ltr'>ejus</span> <span class='ocrx_word' id='word_1_67' title='bbox 935 1700 1074 1748; x_wconf 91' lang='lat' dir='ltr'>sunt</span> <span class='ocrx_word' id='word_1_68' title='bbox 1119 1691 1181 1747; x_wconf 91' lang='lat' dir='ltr'>in</span> <span class='ocrx_word' id='word_1_69' title='bbox 1229 1691 1594 1766; x_wconf 87' lang='lat' dir='ltr'>praefatione</span> <span class='ocrx_word' id='word_1_70' title='bbox 1640 1690 1915 1748; x_wconf 86' lang='lat' dir='ltr'>editionis</span> <span class='ocrx_word' id='word_1_71' title='bbox 1959 1710 2099 1749; x_wconf 90' lang='lat' dir='ltr'>suae</span> 
     </span>
     <span class='ocr_line' id='line_1_12' title="bbox 177 1796 2102 1875; baseline 0.003 -22"><span class='ocrx_word' id='word_1_72' title='bbox 177 1796 485 1872; x_wconf 87' lang='lat' dir='ltr'>OEdipodis</span> <span class='ocrx_word' id='word_1_73' title='bbox 515 1797 791 1856; x_wconf 91' lang='lat' dir='ltr'>Colonei:</span> <span class='ocrx_word' id='word_1_74' title='bbox 839 1806 874 1830; x_wconf 79' lang='lat'>‘⁶</span> <span class='ocrx_word' id='word_1_75' title='bbox 894 1798 1130 1855; x_wconf 87' lang='lat' dir='ltr'>Scholia</span> <span class='ocrx_word' id='word_1_76' title='bbox 1157 1798 1220 1855; x_wconf 94' lang='lat' dir='ltr'>in</span> <span class='ocrx_word' id='word_1_77' title='bbox 1252 1798 1622 1874; x_wconf 87' lang='lat' dir='ltr'>Sophoclem,</span> <span class='ocrx_word' id='word_1_78' title='bbox 1645 1818 1797 1875; x_wconf 90' lang='lat' dir='ltr'>quae</span> <span class='ocrx_word' id='word_1_79' title='bbox 1826 1800 2102 1859; x_wconf 85' lang='lat' dir='ltr'>Romana</span> 
     </span>
     <span class='ocr_line' id='line_1_13' title="bbox 178 1908 2100 1985; baseline 0.002 -22"><span class='ocrx_word' id='word_1_80' title='bbox 178 1913 215 1939; x_wconf 88' lang='lat'><strong>“</strong></span> <span class='ocrx_word' id='word_1_81' title='bbox 244 1908 422 1985; x_wconf 89' lang='lat' dir='ltr'>vulgo</span> <span class='ocrx_word' id='word_1_82' title='bbox 451 1909 843 1983; x_wconf 90' lang='lat' dir='ltr'>appellantur,</span> <span class='ocrx_word' id='word_1_83' title='bbox 874 1927 951 1964; x_wconf 90' lang='lat' dir='ltr'>ex</span> <span class='ocrx_word' id='word_1_84' title='bbox 980 1908 1092 1966; x_wconf 92' lang='lat' dir='ltr'>hoc</span> <span class='ocrx_word' id='word_1_85' title='bbox 1122 1908 1325 1965; x_wconf 87' lang='lat' dir='ltr'>codice</span> <span class='ocrx_word' id='word_1_86' title='bbox 1360 1908 1657 1984; x_wconf 87' lang='lat' dir='ltr'>descripta</span> <span class='ocrx_word' id='word_1_87' title='bbox 1695 1928 1820 1967; x_wconf 85' lang='lat' dir='ltr'>esse</span> <span class='ocrx_word' id='word_1_88' title='bbox 1849 1911 1981 1984; x_wconf 89' lang='lat' dir='ltr'>plus</span> <span class='ocrx_word' id='word_1_89' title='bbox 2011 1929 2100 1968; x_wconf 89' lang='lat' dir='ltr'>se-</span> 
     </span>
     <span class='ocr_line' id='line_1_14' title="bbox 177 2016 2102 2096; baseline 0.003 -24"><span class='ocrx_word' id='word_1_90' title='bbox 177 2020 214 2048; x_wconf 88' lang='lat'><strong>“</strong></span> <span class='ocrx_word' id='word_1_91' title='bbox 243 2017 362 2074; x_wconf 89' lang='lat' dir='ltr'>mel</span> <span class='ocrx_word' id='word_1_92' title='bbox 410 2016 633 2073; x_wconf 91' lang='lat' dir='ltr'>monui.</span> <span class='ocrx_word' id='word_1_93' title='bbox 726 2017 1062 2073; x_wconf 88' lang='lat' dir='ltr'>Romanam</span> <span class='ocrx_word' id='word_1_94' title='bbox 1120 2018 1476 2076; x_wconf 89' lang='lat' dir='ltr'>scholiorum</span> <span class='ocrx_word' id='word_1_95' title='bbox 1535 2019 1876 2087; x_wconf 90' lang='lat' dir='ltr'>editionem,</span> <span class='ocrx_word' id='word_1_96' title='bbox 1921 2039 2102 2096; x_wconf 90' lang='lat' dir='ltr'>quam</span> 
     </span>
     <span class='ocr_line' id='line_1_15' title="bbox 179 2125 2106 2204; baseline 0.003 -22"><span class='ocrx_word' id='word_1_97' title='bbox 179 2133 215 2158; x_wconf 79' lang='lat'>‘⁶</span> <span class='ocrx_word' id='word_1_98' title='bbox 245 2125 401 2183; x_wconf 91' lang='lat' dir='ltr'>tanti</span> <span class='ocrx_word' id='word_1_99' title='bbox 448 2127 713 2184; x_wconf 87' lang='lat' dir='ltr'>fecerant</span> <span class='ocrx_word' id='word_1_100' title='bbox 764 2127 1062 2184; x_wconf 88' lang='lat' dir='ltr'>Porsonus</span> <span class='ocrx_word' id='word_1_101' title='bbox 1118 2127 1356 2204; x_wconf 82' lang='lat' dir='ltr'>aliique,</span> <span class='ocrx_word' id='word_1_102' title='bbox 1406 2129 1469 2185; x_wconf 88' lang='lat' dir='ltr'>in</span> <span class='ocrx_word' id='word_1_103' title='bbox 1528 2130 1914 2188; x_wconf 89' lang='lat' dir='ltr'>annotatione</span> <span class='ocrx_word' id='word_1_104' title='bbox 1972 2149 2106 2188; x_wconf 88' lang='lat' dir='ltr'>mea</span> 
     </span>
     <span class='ocr_line' id='line_1_16' title="bbox 180 2234 2107 2311; baseline 0.003 -23"><span class='ocrx_word' id='word_1_105' title='bbox 180 2238 217 2264; x_wconf 88' lang='lat'><strong>“</strong></span> <span class='ocrx_word' id='word_1_106' title='bbox 245 2250 481 2307; x_wconf 89' lang='lat' dir='ltr'>prorsus</span> <span class='ocrx_word' id='word_1_107' title='bbox 519 2234 779 2311; x_wconf 85' lang='lat' dir='ltr'>neglexi,</span> <span class='ocrx_word' id='word_1_108' title='bbox 818 2244 1131 2310; x_wconf 89' lang='lat' dir='ltr'>propterea</span> <span class='ocrx_word' id='word_1_109' title='bbox 1174 2237 1333 2311; x_wconf 91' lang='lat' dir='ltr'>quod</span> <span class='ocrx_word' id='word_1_110' title='bbox 1376 2237 1596 2293; x_wconf 87' lang='lat' dir='ltr'>scholia</span> <span class='ocrx_word' id='word_1_111' title='bbox 1639 2256 1717 2293; x_wconf 92' lang='lat' dir='ltr'>ex</span> <span class='ocrx_word' id='word_1_112' title='bbox 1760 2237 1967 2293; x_wconf 90' lang='lat' dir='ltr'>eodem</span> <span class='ocrx_word' id='word_1_113' title='bbox 2012 2255 2107 2293; x_wconf 93' lang='lat' dir='ltr'>co-</span> 
     </span>
     <span class='ocr_line' id='line_1_17' title="bbox 182 2343 2105 2421; baseline 0.003 -23"><span class='ocrx_word' id='word_1_114' title='bbox 182 2349 217 2374; x_wconf 87' lang='lat'><strong>“</strong></span> <span class='ocrx_word' id='word_1_115' title='bbox 247 2343 376 2399; x_wconf 91' lang='lat' dir='ltr'>dice</span> <span class='ocrx_word' id='word_1_116' title='bbox 415 2345 632 2399; x_wconf 89' lang='lat' dir='ltr'>iterum</span> <span class='ocrx_word' id='word_1_117' title='bbox 673 2345 968 2418; x_wconf 85' lang='lat' dir='ltr'>descripta</span> <span class='ocrx_word' id='word_1_118' title='bbox 995 2348 1202 2413; x_wconf 87' lang='lat' dir='ltr'>habeo,</span> <span class='ocrx_word' id='word_1_119' title='bbox 1233 2347 1414 2421; x_wconf 91' lang='lat' dir='ltr'>idque</span> <span class='ocrx_word' id='word_1_120' title='bbox 1443 2347 1794 2414; x_wconf 89' lang='lat' dir='ltr'>accuratius,</span> <span class='ocrx_word' id='word_1_121' title='bbox 1823 2346 1888 2403; x_wconf 92' lang='lat' dir='ltr'>ni</span> <span class='ocrx_word' id='word_1_122' title='bbox 1917 2347 2105 2415; x_wconf 90' lang='lat' dir='ltr'>fallor,</span> 
     </span>
     <span class='ocr_line' id='line_1_18' title="bbox 183 2448 2111 2528; baseline 0.004 -23"><span class='ocrx_word' id='word_1_123' title='bbox 183 2458 219 2483; x_wconf 81' lang='lat'>‘⁶</span> <span class='ocrx_word' id='word_1_124' title='bbox 249 2469 428 2525; x_wconf 89' lang='lat' dir='ltr'>quam</span> <span class='ocrx_word' id='word_1_125' title='bbox 482 2449 539 2505; x_wconf 91' lang='lat' dir='ltr'>in</span> <span class='ocrx_word' id='word_1_126' title='bbox 599 2448 897 2524; x_wconf 85' lang='lat' dir='ltr'>impressis</span> <span class='ocrx_word' id='word_1_127' title='bbox 943 2451 1277 2528; x_wconf 89' lang='lat' dir='ltr'>leguntur.&#39;&#39;</span> <span class='ocrx_word' id='word_1_128' title='bbox 1366 2450 1438 2506; x_wconf 90' lang='lat' dir='ltr'>In</span> <span class='ocrx_word' id='word_1_129' title='bbox 1485 2453 1741 2526; x_wconf 87' lang='lat' dir='ltr'>patriam</span> <span class='ocrx_word' id='word_1_130' title='bbox 1788 2454 1981 2511; x_wconf 87' lang='lat' dir='ltr'>redux</span> <span class='ocrx_word' id='word_1_131' title='bbox 2030 2455 2111 2513; x_wconf 90' lang='lat' dir='ltr'>ad</span> 
     </span>
     <span class='ocr_line' id='line_1_19' title="bbox 185 2560 2108 2640; baseline 0.003 -21"><span class='ocrx_word' id='word_1_132' title='bbox 185 2561 479 2619; x_wconf 91' lang='lat' dir='ltr'>edendum</span> <span class='ocrx_word' id='word_1_133' title='bbox 511 2580 571 2618; x_wconf 87' lang='lat' dir='ltr'>se</span> <span class='ocrx_word' id='word_1_134' title='bbox 601 2560 883 2627; x_wconf 90' lang='lat' dir='ltr'>accinxit,</span> <span class='ocrx_word' id='word_1_135' title='bbox 912 2580 1105 2636; x_wconf 91' lang='lat' dir='ltr'>neque</span> <span class='ocrx_word' id='word_1_136' title='bbox 1134 2562 1294 2617; x_wconf 89' lang='lat' dir='ltr'>ultra</span> <span class='ocrx_word' id='word_1_137' title='bbox 1332 2568 1534 2618; x_wconf 89' lang='lat' dir='ltr'>tamen</span> <span class='ocrx_word' id='word_1_138' title='bbox 1575 2563 1855 2640; x_wconf 88' lang='lat' dir='ltr'>paginam</span> <span class='ocrx_word' id='word_1_139' title='bbox 1888 2564 1986 2622; x_wconf 79' lang='lat'>64.</span> <span class='ocrx_word' id='word_1_140' title='bbox 2017 2574 2108 2625; x_wconf 87' lang='lat' dir='ltr'>est</span> 
     </span>
     <span class='ocr_line' id='line_1_20' title="bbox 184 2667 2109 2751; baseline 0.003 -24"><span class='ocrx_word' id='word_1_141' title='bbox 184 2688 544 2747; x_wconf 86' lang='lat' dir='ltr'>progressus.</span> <span class='ocrx_word' id='word_1_142' title='bbox 621 2667 824 2724; x_wconf 92' lang='lat' dir='ltr'>Primo</span> <span class='ocrx_word' id='word_1_143' title='bbox 855 2668 1013 2724; x_wconf 89' lang='lat' dir='ltr'>enim</span> <span class='ocrx_word' id='word_1_144' title='bbox 1042 2668 1129 2725; x_wconf 91' lang='lat' dir='ltr'>rei</span> <span class='ocrx_word' id='word_1_145' title='bbox 1158 2670 1440 2726; x_wconf 88' lang='lat' dir='ltr'>molestae</span> <span class='ocrx_word' id='word_1_146' title='bbox 1469 2670 1734 2727; x_wconf 90' lang='lat' dir='ltr'>taedium</span> <span class='ocrx_word' id='word_1_147' title='bbox 1765 2692 1901 2730; x_wconf 91' lang='lat' dir='ltr'>eum</span> <span class='ocrx_word' id='word_1_148' title='bbox 1933 2675 2109 2751; x_wconf 85' lang='lat' dir='ltr'>cepit,</span> 
     </span>
     <span class='ocr_line' id='line_1_21' title="bbox 187 2776 2110 2854; baseline 0.001 -15"><span class='ocrx_word' id='word_1_149' title='bbox 187 2781 400 2839; x_wconf 90' lang='lat' dir='ltr'>deinde</span> <span class='ocrx_word' id='word_1_150' title='bbox 436 2780 673 2836; x_wconf 89' lang='lat' dir='ltr'>morbus</span> <span class='ocrx_word' id='word_1_151' title='bbox 711 2777 901 2834; x_wconf 90' lang='lat' dir='ltr'>indies</span> <span class='ocrx_word' id='word_1_152' title='bbox 942 2777 1133 2854; x_wconf 88' lang='lat' dir='ltr'>magis</span> <span class='ocrx_word' id='word_1_153' title='bbox 1177 2776 1482 2853; x_wconf 91' lang='lat' dir='ltr'>magisque</span> <span class='ocrx_word' id='word_1_154' title='bbox 1511 2777 1926 2854; x_wconf 89' lang='lat' dir='ltr'>ingravescens</span> <span class='ocrx_word' id='word_1_155' title='bbox 1957 2783 2110 2841; x_wconf 89' lang='lat' dir='ltr'>vires</span> 
     </span>
     <span class='ocr_line' id='line_1_22' title="bbox 188 2887 2110 2967; baseline 0.002 -20"><span class='ocrx_word' id='word_1_156' title='bbox 188 2891 334 2948; x_wconf 89' lang='lat' dir='ltr'>adeo</span> <span class='ocrx_word' id='word_1_157' title='bbox 382 2888 562 2965; x_wconf 86' lang='lat' dir='ltr'>fregit</span> <span class='ocrx_word' id='word_1_158' title='bbox 612 2908 680 2945; x_wconf 89' lang='lat' dir='ltr'>ac</span> <span class='ocrx_word' id='word_1_159' title='bbox 729 2887 1130 2954; x_wconf 89' lang='lat' dir='ltr'>labefactavit,</span> <span class='ocrx_word' id='word_1_160' title='bbox 1181 2894 1250 2944; x_wconf 92' lang='lat' dir='ltr'>ut</span> <span class='ocrx_word' id='word_1_161' title='bbox 1301 2894 1472 2943; x_wconf 89' lang='lat' dir='ltr'>tanto</span> <span class='ocrx_word' id='word_1_162' title='bbox 1518 2888 1682 2962; x_wconf 90' lang='lat' dir='ltr'>operi</span> <span class='ocrx_word' id='word_1_163' title='bbox 1731 2893 2110 2967; x_wconf 88' lang='lat' dir='ltr'>exsequendo</span> 
     </span>
     <span class='ocr_line' id='line_1_23' title="bbox 189 2994 2111 3074; baseline 0.003 -22"><span class='ocrx_word' id='word_1_164' title='bbox 189 2994 428 3052; x_wconf 92' lang='lat' dir='ltr'>omnino</span> <span class='ocrx_word' id='word_1_165' title='bbox 484 2994 676 3069; x_wconf 89' lang='lat' dir='ltr'>impar</span> <span class='ocrx_word' id='word_1_166' title='bbox 732 3003 904 3052; x_wconf 89' lang='lat' dir='ltr'>esset.</span> <span class='ocrx_word' id='word_1_167' title='bbox 993 2995 1206 3071; x_wconf 90' lang='lat' dir='ltr'>Itaque</span> <span class='ocrx_word' id='word_1_168' title='bbox 1263 2995 1467 3070; x_wconf 90' lang='lat' dir='ltr'>paucis</span> <span class='ocrx_word' id='word_1_169' title='bbox 1514 3003 1653 3053; x_wconf 88' lang='lat' dir='ltr'>ante</span> <span class='ocrx_word' id='word_1_170' title='bbox 1703 2999 1830 3074; x_wconf 88' lang='lat' dir='ltr'>ejus</span> <span class='ocrx_word' id='word_1_171' title='bbox 1881 2999 2111 3057; x_wconf 89' lang='lat' dir='ltr'>obitum</span> 
     </span>
     <span class='ocr_line' id='line_1_24' title="bbox 190 3102 2113 3179; baseline 0.003 -19"><span class='ocrx_word' id='word_1_172' title='bbox 190 3103 551 3179; x_wconf 83' lang='lat' dir='ltr'>septimaniS,</span> <span class='ocrx_word' id='word_1_173' title='bbox 575 3122 760 3178; x_wconf 91' lang='lat' dir='ltr'>quum</span> <span class='ocrx_word' id='word_1_174' title='bbox 786 3102 1083 3177; x_wconf 88' lang='lat' dir='ltr'>paulisper</span> <span class='ocrx_word' id='word_1_175' title='bbox 1105 3111 1370 3159; x_wconf 90' lang='lat' dir='ltr'>cessante</span> <span class='ocrx_word' id='word_1_176' title='bbox 1401 3103 1590 3159; x_wconf 88' lang='lat' dir='ltr'>morbi</span> <span class='ocrx_word' id='word_1_177' title='bbox 1611 3104 1893 3162; x_wconf 87' lang='lat' dir='ltr'>violentia</span> <span class='ocrx_word' id='word_1_178' title='bbox 1914 3106 2113 3165; x_wconf 88' lang='lat' dir='ltr'>litera-</span> 
     </span>
     <span class='ocr_line' id='line_1_25' title="bbox 189 3210 2114 3289; baseline 0.002 -20"><span class='ocrx_word' id='word_1_179' title='bbox 189 3233 323 3270; x_wconf 91' lang='lat' dir='ltr'>rum</span> <span class='ocrx_word' id='word_1_180' title='bbox 353 3212 551 3270; x_wconf 89' lang='lat' dir='ltr'>studia</span> <span class='ocrx_word' id='word_1_181' title='bbox 584 3213 840 3269; x_wconf 90' lang='lat' dir='ltr'>recolere</span> <span class='ocrx_word' id='word_1_182' title='bbox 876 3211 1180 3286; x_wconf 90' lang='lat' dir='ltr'>coepisset,</span> <span class='ocrx_word' id='word_1_183' title='bbox 1209 3210 1367 3267; x_wconf 91' lang='lat' dir='ltr'>inter</span> <span class='ocrx_word' id='word_1_184' title='bbox 1396 3210 1538 3267; x_wconf 89' lang='lat' dir='ltr'>alios</span> <span class='ocrx_word' id='word_1_185' title='bbox 1570 3231 1865 3269; x_wconf 90' lang='lat' dir='ltr'>sermones</span> <span class='ocrx_word' id='word_1_186' title='bbox 1893 3212 2114 3289; x_wconf 81' lang='lat' dir='ltr'>injecta</span> 
     </span>
    </p>
   </div>
   <div class='ocr_carea' id='block_1_3' title="bbox 190 3320 2220 3396">
    <p class='ocr_par' dir='ltr' id='par_1_3' title="bbox 190 3320 2220 3396">
     <span class='ocr_line' id='line_1_26' title="bbox 190 3320 2220 3396; baseline 0 -18"><span class='ocrx_word' id='word_1_187' title='bbox 190 3330 280 3378; x_wconf 90' lang='lat' dir='ltr'>est</span> <span class='ocrx_word' id='word_1_188' title='bbox 303 3342 337 3378; x_wconf 85' lang='lat' dir='ltr'>a</span> <span class='ocrx_word' id='word_1_189' title='bbox 361 3341 454 3378; x_wconf 92' lang='lat' dir='ltr'>me</span> <span class='ocrx_word' id='word_1_190' title='bbox 487 3321 707 3378; x_wconf 90' lang='lat' dir='ltr'>mentio</span> <span class='ocrx_word' id='word_1_191' title='bbox 738 3321 1083 3378; x_wconf 89' lang='lat' dir='ltr'>scholiastae</span> <span class='ocrx_word' id='word_1_192' title='bbox 1112 3320 1407 3377; x_wconf 87' lang='lat' dir='ltr'>inchoati:</span> <span class='ocrx_word' id='word_1_193' title='bbox 1442 3321 1711 3377; x_wconf 91' lang='lat' dir='ltr'>dolebam</span> <span class='ocrx_word' id='word_1_194' title='bbox 1740 3321 1954 3378; x_wconf 90' lang='lat' dir='ltr'>laboris</span> <span class='ocrx_word' id='word_1_195' title='bbox 1983 3341 2114 3396; x_wconf 90' lang='lat' dir='ltr'>per-</span> <span class='ocrx_word' id='word_1_196' title='bbox 2214 3357 2220 3362; x_wconf 37' lang='grc' dir='ltr'><em>ν</em></span> 
     </span>
    </p>
   </div>
   <div class='ocr_carea' id='block_1_4' title="bbox 193 3428 2115 3614">
    <p class='ocr_par' dir='ltr' id='par_1_4' title="bbox 193 3428 2115 3614">
     <span class='ocr_line' id='line_1_27' title="bbox 193 3428 2115 3505; baseline 0.002 -22"><span class='ocrx_word' id='word_1_197' title='bbox 193 3428 336 3486; x_wconf 90' lang='lat' dir='ltr'>ituri</span> <span class='ocrx_word' id='word_1_198' title='bbox 365 3429 575 3497; x_wconf 90' lang='lat' dir='ltr'>vicem,</span> <span class='ocrx_word' id='word_1_199' title='bbox 605 3429 720 3486; x_wconf 90' lang='lat' dir='ltr'>nisi</span> <span class='ocrx_word' id='word_1_200' title='bbox 750 3438 854 3487; x_wconf 90' lang='lat' dir='ltr'>aut</span> <span class='ocrx_word' id='word_1_201' title='bbox 883 3431 1008 3505; x_wconf 91' lang='lat' dir='ltr'>ipse</span> <span class='ocrx_word' id='word_1_202' title='bbox 1049 3432 1502 3496; x_wconf 88' lang='lat' dir='ltr'>convalesceret,</span> <span class='ocrx_word' id='word_1_203' title='bbox 1534 3438 1639 3486; x_wconf 89' lang='lat' dir='ltr'>aut</span> <span class='ocrx_word' id='word_1_204' title='bbox 1683 3429 1866 3486; x_wconf 90' lang='lat' dir='ltr'>alium</span> <span class='ocrx_word' id='word_1_205' title='bbox 1910 3450 2115 3505; x_wconf 90' lang='lat' dir='ltr'>quem-</span> 
     </span>
     <span class='ocr_line' id='line_1_28' title="bbox 196 3535 2113 3614; baseline 0.002 -23"><span class='ocrx_word' id='word_1_206' title='bbox 196 3535 283 3591; x_wconf 87' lang='lat' dir='ltr'>vis</span> <span class='ocrx_word' id='word_1_207' title='bbox 343 3537 453 3594; x_wconf 88' lang='lat' dir='ltr'>sibi</span> <span class='ocrx_word' id='word_1_208' title='bbox 509 3547 815 3612; x_wconf 87' lang='lat' dir='ltr'>pateretur</span> <span class='ocrx_word' id='word_1_209' title='bbox 873 3539 1331 3597; x_wconf 87' lang='lat' dir='ltr'>succenturiari:</span> <span class='ocrx_word' id='word_1_210' title='bbox 1398 3538 1671 3614; x_wconf 89' lang='lat' dir='ltr'>denique,</span> <span class='ocrx_word' id='word_1_211' title='bbox 1721 3539 1860 3597; x_wconf 91' lang='lat' dir='ltr'>licet</span> <span class='ocrx_word' id='word_1_212' title='bbox 1911 3538 2113 3596; x_wconf 89' lang='lat' dir='ltr'>multis</span> 
     </span>
    </p>
   </div>
  </div>
 </body>
</html>
