2242 3996
1008 126 1037 210 [
1121 131 1180 187 vi
1264 127 1293 211 ]

184 276 577 354 gravibusque
635 281 887 359 negotiis
945 282 1275 351 distinerer,
1326 285 1374 342 si
1433 288 1606 345 modo
1654 289 1717 347 id
1763 292 1957 362 vellet,
2009 313 2105 354 me

182 386 376 461 ipsum
423 390 764 447 correctoris
818 409 1061 448 munere
1109 394 1270 450 haud
1315 394 1611 456 illibenter
1658 401 1926 460 dicebam
1971 423 2104 480 per-

180 495 545 555 functurum.
632 499 861 566 Quibus
903 500 1141 558 monitis
1182 502 1326 560 meis
1366 504 1520 563 laete
1556 506 1877 565 admodum
1907 529 2103 569 assen-

180 625 276 663 sus
323 615 446 664 est:
507 616 568 665 et
618 627 693 665 ne
741 627 904 666 mora
947 610 1194 667 ulterius
1238 622 1670 690 prorogaretur,
1715 617 1918 675 statim
1964 618 2104 677 fidei

179 734 346 774 meae
389 717 683 776 commisit
726 721 1133 796 apographum
1171 721 1503 780 Florentini
1545 723 1779 793 codiciS,
1810 726 1970 802 quod
2012 727 2102 784 ni-

150 826 301 884 -tide
345 827 844 905 compingendum
888 839 1216 898 curaverat,
1256 850 1326 889 eo
1365 833 1588 892 scilicet
1630 835 1891 904 consilio,
1925 846 1996 895 ut
2034 837 2101 894 fi-

176 934 306 994 nita
334 936 612 1006 editione,
642 938 703 994 in
735 938 1112 998 Bibliotheca
1139 941 1468 1000 Bodleiana
1506 953 1792 1020 perpetuo
1827 946 2101 1005 adserva-

174 1053 359 1103 retur.
444 1046 580 1124 Ego
627 1055 829 1105 autem
878 1048 1030 1105 nihil
1080 1057 1397 1108 cunctatus
1445 1071 1611 1109 sum:
1657 1054 1932 1130 plagulae
1977 1062 2098 1112 tres

174 1164 502 1232 quatuorve
531 1156 753 1232 priores
776 1177 811 1215 a
833 1160 1206 1236 typographo
1236 1161 1538 1219 absolutae
1568 1171 1727 1231 sunt,
1751 1163 2097 1239 priusquam

176 1264 548 1324 tristissimus
593 1268 706 1326 iste
751 1269 876 1327 dies
919 1269 1138 1338 ffluxit,
1187 1289 1303 1346 quo
1350 1271 1660 1346 abreptum
1709 1271 1875 1330 nobis
1925 1273 2099 1330 colle-

172 1394 311 1453 gam
357 1376 684 1444 doluimus;
743 1386 804 1436 et
843 1379 957 1436 nisi
996 1380 1145 1437 aliae
1185 1399 1279 1437 me
1315 1381 1662 1454 pressissent
1707 1401 1901 1450 curae,
1949 1400 2096 1458 quas

169 1483 358 1542 fusius
401 1506 676 1546 enarrare
719 1488 868 1552 nihil
910 1489 1145 1556 attinet,
1177 1497 1315 1547 ante
1359 1490 1583 1565 aliquot
1627 1511 1856 1550 menses
1898 1500 2094 1550 totum

171 1613 316 1670 opus
346 1596 423 1653 ad
452 1597 799 1654 umbilicum
829 1597 1153 1654 duxissem.

251 1702 457 1780 Atque
500 1706 646 1762 haec
689 1706 994 1762 hactenusss
1066 1690 1394 1764 Consilium
1439 1707 1712 1765 Elmsleii
1755 1718 1884 1767 erat
1913 1712 2093 1769 verba

168 1814 379 1891 optimi
422 1814 943 1891 vetustissimique,
988 1821 1187 1891 atque,
1231 1823 1300 1873 ut
1342 1815 1598 1883 videtur,
1646 1816 1808 1874 unici
1855 1818 2092 1887 codiciS,

163 1941 402 1980 summa
429 1942 565 1980 cum
592 1907 878 2001 'religione
917 1932 1383 1999 repraesentare3
1426 1924 1514 1983 ita
1553 1932 1623 1982 ut
1661 1945 1738 1983 ne
1777 1925 2092 1985 manifesta

167 2029 410 2105 quidem
455 2029 781 2105 scripturae
824 2029 973 2086 vitia
1020 2031 1389 2104 praeteriret,
1434 2032 1644 2088 saltem
1689 2030 1752 2086 in
1795 2029 2094 2087 annotati-

165 2135 375 2193 onibus
420 2137 497 2193 ad
541 2138 763 2195 calcem
806 2137 1270 2215 uniuscujusque
1313 2140 1566 2218 paginae
1610 2139 1889 2217 subjectis
1931 2159 2092 2198 com-

165 2251 539 2300 memoraret.
624 2243 1062 2301 Annotationes
1100 2245 1244 2302 istas
1286 2245 1658 2304 brevissimas
1701 2264 1827 2302 esse
1865 2244 2088 2303 voluit:

164 2372 275 2410 nec
318 2353 635 2429 quicquam
678 2354 932 2427 amplius
976 2355 1298 2411 meditatus
1341 2355 1598 2419 videtur,
1637 2371 1818 2427 quam
1860 2360 1931 2409 ut
1972 2351 2091 2409 dis-

165 2463 494 2539 crepantias
523 2463 659 2520 libri
688 2462 1014 2537 archetypi,
1044 2462 1374 2519 editionum
1399 2461 1707 2518 Romanae
1729 2469 1790 2517 et
1813 2461 2088 2520 Brunck-

161 2573 352 2642 ianae,
395 2592 823 2650 nonnunquam
867 2572 1050 2630 etiam
1092 2571 1447 2630 recensionis
1491 2570 1910 2639 Triclinianae,
1953 2591 2089 2647 pro-

160 2692 423 2758 poneret.
512 2685 898 2758 Summopere
938 2689 1139 2739 autem
1179 2679 1391 2738 enixus
1430 2686 1521 2736 est
1549 2686 1618 2735 ut
1646 2679 1930 2736 lemmata
1956 2678 2087 2737 ubi-

160 2811 275 2868 que
326 2794 700 2851 exactissime
751 2791 1192 2858 exhiberentur,
1235 2810 1354 2866 qua
1394 2790 1454 2845 in
1501 2795 1670 2863 parte
1713 2788 1958 2845 moleste
1999 2787 2086 2844 fe-

159 2902 327 2960 rebat
386 2901 644 2960 Romani
701 2899 944 2959 editoris
1001 2898 1448 2975 negligentiam,
1507 2896 1609 2972 qui
1667 2897 1859 2954 multa
1915 2916 2084 2954 secus

160 3019 339 3087 atque
390 3012 451 3067 in
504 3011 704 3068 codice
759 3029 864 3066 mS.
917 3016 1235 3083 repererat,
1286 3007 1683 3082 imprimenda
1739 3005 2079 3063 curavisset.

158 3122 314 3179 Vide
344 3122 537 3189 mod0,
568 3129 636 3177 ut
666 3121 777 3177 hoc
806 3128 960 3185 utar,
993 3118 1210 3174 Trach.
1243 3121 1401 3183 339„
1432 3115 1535 3173 ubi
1575 3115 1827 3172 lectione
1862 3113 2080 3170 codicis

156 3227 473 3302 patefacta,
524 3226 773 3283 Porsoni
829 3225 905 3282 ad
957 3225 1182 3281 Phoen.
1232 3228 1409 3287 1373.
1455 3221 1677 3280 corruit
1720 3217 2074 3277 emendatio.

157 3336 363 3412 Atque
392 3337 506 3393 ista
540 3338 822 3394 lemmata
862 3335 1090 3392 duobus
1125 3334 1379 3409 punctiS,
1410 3330 1678 3389 hodierni
1718 3327 2077 3404 typographi

157 3442 324 3502 colon
374 3455 606 3513 vocant,
659 3449 732 3503 ab
780 3445 1271 3520 interpretatione
1322 3439 1712 3500 Grammatici
1763 3445 2074 3514 segregata

157 3562 329 3620 sunt3
395 3555 623 3630 reliqua
669 3534 889 3620 bmnia,
934 3553 1145 3627 quibus
1193 3550 1551 3608 adhibentur
1595 3545 1797 3603 uncini
1847 3545 2071 3601 formae
